<?xml version="1.0" encoding="UTF-8"?><collection xmlns="http://www.loc.gov/MARC21/slim"><record><leader>00453nam--2200145-i-4500</leader><controlfield tag="001">000010115</controlfield><controlfield tag="002">20161230</controlfield><controlfield tag="005">20170304203510</controlfield><controlfield tag="008">060222s1000------------r-----000-0-eng-d</controlfield><datafield ind1=" " ind2=" " tag="100"><subfield code="a">Duval, Clement</subfield></datafield><datafield ind1=" " ind2=" " tag="245"><subfield code="a">English for the scientist. Cours d anglais scientifique pour les veterans. Septieme edition revue et corrigee</subfield></datafield><datafield ind1=" " ind2=" " tag="260"><subfield code="a">Paris</subfield><subfield code="b">Editions Du C.N.R.S</subfield><subfield code="c">1968</subfield></datafield><datafield ind1=" " ind2=" " tag="300"><subfield code="a">104 p</subfield></datafield><datafield ind1=" " ind2=" " tag="852"><subfield code="a">800.7:802.0:800.935:5</subfield></datafield><datafield ind1=" " ind2=" " tag="CAT"><subfield code="a">SYS</subfield><subfield code="c">20170304</subfield><subfield code="h">203510</subfield></datafield></record></collection>